@article{1,
    author    = {Bargiela, Andzrej},
    title     = {Search with meanings: an overview of semantic search systems},
    journal   = {Journal of LaTeX Typesetting},
    year      = {2019},
    volume    = {1},
    pages     = {1-10},
    doi       = {10.12345/journal.2019.001},
}